@article{nakamoto2008bitcoin,
  title={Bitcoin : A peer-to-peer electronic cash system},
  author={Nakamoto, Satoshi},
  journal={Whitepaper},
  pages={9},
  year={2008}
}
@article{yakovenko2018solana,
  title={Solana: A new architecture for a high performance blockchain v0. 8.13},
  author={Yakovenko, Anatoly},
  journal={Whitepaper},
  pages={32},
  year={2017}
}

@article{buterin2014next,
  title={Ethereum : A next-generation smart contract and decentralized application platform},
  author={Buterin, Vitalik},
  journal={White paper},
  pages={26},
  year={2014}
}

@article{chainlink,
  title={ChainLink - A Decentralized Oracle Network},
  author={Ellis, Steve and Juels, Ari  and Nazarov, Sergey},
  journal={Whitepaper},
  pages={38},
}

@article{api3,
  title={API3 : Decentralized APIs for Web 3.0},
  author={Benligiray, Burak and Mili´c, Saˇsa  and V¨anttinen, Heikki},
  journal={Whitepaper},
  pages={40},
  year={2017}
}

@article{iota,
  title={The Tangle},
  author={Popov, Serguei},
  journal={Whitepaper},
  pages={28},
  year={2018}
}

@article{woodethereum,
  title={Ethereum: A secure decentralised generalised transaction ledger},
  author={Wood, Gavin and others},
  journal={Ethereum project yellow paper},
  volume={151},
  number={2014},
  pages={1--32},
  year={2014}
}

@misc{turingcomplete,
author = {},
title = {Turing completeness - Wikipedia},
howpublished = {\url{https://en.wikipedia.org/wiki/Turing_completeness}},
month = {},
year = {}
}

@misc{Halting,
author = {},
title = {Halting problem - Wikipedia},
howpublished = {\url{https://en.wikipedia.org/wiki/Halting_problem}},
month = {},
year = {}
}


@misc{Bitcoincash,
author = {},
title = {Bitcoin Cash - Peer-to-Peer Electronic Cash},
howpublished = {\url{https://bitcoincash.org/}},
month = {},
year = {}
}

@misc{sha256,
author = {},
title = {SHA-2 - Wikipedia},
howpublished = {\url{https://en.wikipedia.org/wiki/SHA-2}},
month = {},
year = {}
}

@misc{emptyblocks,
author = {},
title = {Why Do Some Bitcoin Mining Pools Mine Empty Blocks? | Nasdaq},
howpublished = {\url{https://www.nasdaq.com/articles/why-do-some-bitcoin-mining-pools-mine-empty-blocks-2016-07-12}},
month = {},
year = {}
}

@misc{Upgrading,
author = {},
title = {Upgrading smart contracts | ethereum.org},
howpublished = {\url{https://ethereum.org/en/developers/docs/smart-contracts/upgrading/}},
month = {},
year = {}
}

@misc{hashfunctions,
author = {},
title = {What are Hash Functions and How to choose a good Hash Function? - GeeksforGeeks},
howpublished = {\url{https://www.geeksforgeeks.org/what-are-hash-functions-and-how-to-choose-a-good-hash-function/}},
month = {},
year = {}
}

@misc{sha256asic,
author = {Anatoly Yakovenko},
title = {Proof of History: A Clock for Blockchain},
howpublished = {\url{https://medium.com/solana-labs/proof-of-history-a-clock-for-blockchain-cf47a61a9274}},
month = {},
year = {}
}

@misc{emptyb,
author = {},
title = {The Block: Bitcoin miners are mining fewer empty blocks in 2020, and it may not all be due to chance},
howpublished = {\url{https://www.theblock.co/post/67928/bitcoin-miners-are-mining-fewer-empty-blocks-in-2020-and-it-may-not-all-because-of-chance}},
month = {},
year = {}
}

@book{antonopoulos2017mastering,
  title={Mastering Bitcoin: Programming the open blockchain},
  author={Antonopoulos, Andreas M},
  year={2017},
  publisher={" O'Reilly Media, Inc."}
}

@article{king2012ppcoin,
  title={Ppcoin: Peer-to-peer crypto-currency with proof-of-stake},
  author={King, Sunny and Nadal, Scott},
  journal={self-published paper, August},
  volume={19},
  number={1},
  year={2012}
}

@article{kwon2014tendermint,
  title={Tendermint: Consensus without mining},
  author={Kwon, Jae},
  journal={Draft v. 0.6, fall},
  volume={1},
  number={11},
  year={2014}
  }
  
  @misc{Poa,
author = {},
title = {Proof of Authority: consensus model with Identity at Stake. | by POA Network | POA Network | Medium},
howpublished = {\url{https://medium.com/poa-network/proof-of-authority-consensus-model-with-identity-at-stake-d5bd15463256}},
month = {},
year = {}
}

@misc{utxo,
author = {},
title = {Unspent transaction output - Wikipedia},
howpublished = {\url{https://en.wikipedia.org/wiki/Unspent_transaction_output}},
month = {},
year = {}
}

@misc{monetarypolicy,
author = {},
title = {Monetary policy - Wikipedia},
howpublished = {\url{https://en.wikipedia.org/wiki/Monetary_policy}},
month = {},
year = {}
}

@misc{lptokens,
author = {},
title = {What Are Liquidity Provider (LP) Tokens – And How Do They Work? | Bybit Learn},
howpublished = {\url{https://learn.bybit.com/defi/what-are-lp-tokens/}},
month = {},
year = {}
}

@misc{Gasfees,
author = {},
title = {Gas and fees | ethereum.org},
howpublished = {\url{https://ethereum.org/en/developers/docs/gas/}},
month = {},
year = {}
}

@misc{EVM,
author = {},
title = {Ethereum Virtual Machine (EVM) | ethereum.org},
howpublished = {\url{https://ethereum.org/en/developers/docs/evm/}},
month = {},
year = {}
}

@misc{consensusalgo,
author = {},
title = {Consensus Algorithms: The Root Of The Blockchain Technology},
howpublished = {\url{https://101blockchains.com/consensus-algorithms-blockchain/}},
month = {},
year = {}
}

@misc{shard,
author = {},
title = {What Is Blockchain Sharding? - 101 Blockchains},
howpublished = {\url{https://101blockchains.com/what-is-blockchain-sharding/}},
month = {},
year = {}
}

@misc{merge,
author = {},
title = {The Merge | ethereum.org},
howpublished = {\url{https://ethereum.org/en/upgrades/merge/}},
month = {},
year = {}
}

@misc{doge,
author = {},
title = {Dogecoin - An open-source peer-to-peer digital currency},
howpublished = {\url{https://dogecoin.com/}},
month = {},
year = {}
}

@misc{casper,
author = {},
title = {Ethereum Casper Explained | Binance Academy},
howpublished = {\url{https://academy.binance.com/en/articles/ethereum-casper-explained}},
month = {},
year = {}
}

@misc{coinbase,
author = {},
title = {What is Coinbase Transaction? - GeeksforGeeks},
howpublished = {\url{https://www.geeksforgeeks.org/what-is-coinbase-transaction/}},
month = {},
year = {}
}

@misc{dpos,
author = {},
title = {What Is Delegated Proof of Stake?},
howpublished = {\url{https://crypto.com/university/what-is-dpos-delegated-proof-of-stake}},
month = {},
year = {}
}

@misc{trilemma,
author = {},
title = {Why sharding is great: demystifying the technical properties},
howpublished = {\url{https://vitalik.ca/general/2021/04/07/sharding.html}},
month = {},
year = {}
}

@misc{everstake,
author = {},
title = {Everstake — Staking Service Platform, Staking provider},
howpublished = {\url{https://everstake.one/}},
month = {},
year = {}
}

@misc{vanity,
author = {},
title = {What is a Vanity Address?},
howpublished = {\url{https://academy.bit2me.com/en/que-es-una-vanity-address/}},
month = {},
year = {}
}

@misc{Vanitygen,
author = {},
title = {Vanitygen - Bitcoin Wiki},
howpublished = {\url{https://en.bitcoin.it/wiki/Vanitygen}},
month = {},
year = {}
}

@misc{bip39,
author = {},
title = {bips/bip-0039.mediawiki at master · bitcoin/bips},
howpublished = {\url{https://github.com/bitcoin/bips/blob/master/bip-0039.mediawiki}},
month = {},
year = {}
}

@misc{vat,
author = {},
title = {Value-Added Tax (VAT) Definition},
howpublished = {\url{https://www.investopedia.com/terms/v/valueaddedtax.asp}},
month = {},
year = {}
}

@misc{gst,
author = {},
title = {Goods and Services Tax (GST): Definition, Types, and How It's Calculated},
howpublished = {\url{https://www.investopedia.com/terms/g/gst.asp}},
month = {},
year = {}
}

@misc{btchistory,
author = {},
title = {History of bitcoin exchanges and trading - Bit2Me Academy},
howpublished = {\url{https://academy.bit2me.com/en/historia-exchanges-trading-bitcoin/}},
month = {},
year = {}
}

@misc{paypal,
author = {},
title = {Digital Wallets, Money Management, and More | PayPal US},
howpublished = {\url{https://www.paypal.com/}},
month = {},
year = {}
}

@misc{bills,
author = {},
title = {Cryptocurrency Bill: Cryptocurrency Bill News \& Crypto bill latest updates | The Economic Times},
howpublished = {\url{https://economictimes.indiatimes.com/markets/cryptocurrency-bill}},
month = {},
year = {}
}

@misc{swiftiban,
author = {},
title = {IBAN vs. SWIFT Code},
howpublished = {\url{https://www.investopedia.com/ask/answers/100214/whats-difference-between-iban-and-swift-code.asp}},
month = {},
year = {}
}

@misc{usgains,
author = {},
title = {Topic No. 409 Capital Gains and Losses | Internal Revenue Service},
howpublished = {\url{https://www.irs.gov/taxtopics/tc409}},
month = {},
year = {}
}

@misc{boracle,
author = {},
title = {Blockchain oracle - Wikipedia},
howpublished = {\url{https://en.wikipedia.org/wiki/Blockchain_oracle}},
month = {},
year = {}
}

@misc{arbitrage,
author = {},
title = {Arbitrage - Wikipedia},
howpublished = {\url{https://en.wikipedia.org/wiki/Arbitrage}},
month = {},
year = {}
}

@misc{predic,
author = {},
title = {What Are Prediction Markets: All Explained - Phemex Academy},
howpublished = {\url{https://phemex.com/academy/what-are-prediction-markets}},
month = {},
year = {}
}

@misc{exploit,
author = {},
title = {Chainlink exploits lead to ETH losses—again - CoinGeek},
howpublished = {\url{https://coingeek.com/chainlink-exploits-lead-to-eth-losses-again/}},
month = {},
year = {}
}

@misc{effectsturing,
author = {},
title = {Turing Incompleteness and the Sad State of Solidity | by Stuart Farmer | Lamden},
howpublished = {\url{https://blog.lamden.io/turing-incompleteness-and-the-sad-state-of-solidity-d5278ba4eda0}},
month = {},
year = {}
}

@misc{scrypt,
author = {},
title = {sCrypt — A High Level Smart Contract Language for Bitcoin SV},
howpublished = {\url{https://scrypt.io/}},
month = {},
year = {}
}

@misc{bsv,
author = {},
title = {Bitcoin SV :: The Original Bitcoin},
howpublished = {\url{https://bitcoinsv.com/}},
month = {},
year = {}
}

@misc{gasunitcost,
author = {},
title = {How Much Does Smart Contract Deployment on Ethereum Cost?},
howpublished = {\url{https://www.antiersolutions.com/smart-contract-deployment-on-ethereum-estimated-cost-key-factors-to-consider/}},
month = {},
year = {}
}

@misc{P2PKH,
author = {},
title = {Pay-to-PubKey Hash (P2PKH) – BitcoinWiki},
howpublished = {\url{https://en.bitcoinwiki.org/wiki/Pay-to-Pubkey_Hash}},
month = {},
year = {}
}

@misc{highgas,
author = {},
title = {Crypto Users Paid Thousands In Ethereum Gas Fees Thanks To The Bored Ape Yacht Club. Here's What Happened. - Tech},
howpublished = {\url{https://in.mashable.com/tech/31061/crypto-users-paid-thousands-in-ethereum-gas-fees-thanks-to-the-bored-ape-yacht-club-heres-what-happe}},
month = {},
year = {}
}

@misc{Vyper,
author = {},
title = {Vyper — Vyper documentation},
howpublished = {\url{https://vyper.readthedocs.io/en/stable/}},
month = {},
year = {}
}

@misc{opbsv,
author = {},
title = {Opcodes used in Bitcoin Script - Bitcoin Wiki},
howpublished = {\url{https://wiki.bitcoinsv.io/index.php/Opcodes_used_in_Bitcoin_Script}},
month = {},
year = {}
}

@misc{BitcoinvEth,
author = {},
title = {Bitcoin vs Ethereum smart contracts: Part 2 - CoinGeek},
howpublished = {\url{https://coingeek.com/bitcoin-vs-ethereum-smart-contracts-part-2/}},
month = {},
year = {}
}
@misc{concurrency,
author = {},
title = {Concurrency and Cardano: A Problem, a Challenge, or Nothing to Worry About?},
howpublished = {\url{https://builtoncardano.com/blog/concurrency-and-cardano-a-problem-a-challenge-or-nothing-to-worry-about}},
month = {},
year = {}
}

@misc{avggas,
author = {},
title = {Ethereum Average Gas Price Chart | Etherscan},
howpublished = {\url{https://etherscan.io/chart/gasprice}},
month = {},
year = {}
}

@misc{mempool,
author = {},
title = {Ethereum Network Pending Transactions Chart | Etherscan},
howpublished = {\url{https://etherscan.io/chart/pendingtx}},
month = {},
year = {}
}

@misc{btcopcode,
author = {},
title = {Script - Bitcoin Wiki},
howpublished = {\url{https://en.bitcoin.it/wiki/Script}},
month = {},
year = {}
}

@misc{storageibm,
author = {IBM},
title = {Storage Needs for Blockchain Technology},
howpublished = {\url{https://www.ibm.com/downloads/cas/LA8XBQGR}},
month = {},
year = {}
}

@misc{ArchiveNodes,
author = {},
title = {Archive Nodes - Everything You Need to Know},
howpublished = {\url{https://www.alchemy.com/overviews/archive-nodes}},
month = {},
year = {}
}

@misc{DiskPrices,
author = {},
title = {Disk Prices (US)},
howpublished = {\url{https://diskprices.com/}},
month = {},
year = {}
}

@misc{moore,
author = {},
title = {Moore's law - Wikipedia},
howpublished = {\url{https://en.wikipedia.org/wiki/Moore%27s_law}},
month = {},
year = {}
}

@misc{BitcoinSize,
author = {},
title = {Bitcoin Blockchain Size},
howpublished = {\url{https://ycharts.com/indicators/bitcoin_blockchain_size}},
month = {},
year = {}
}

@misc{EthereumSize,
author = {},
title = {Ethereum Chain Full Sync Data Size},
howpublished = {\url{https://ycharts.com/indicators/ethereum_chain_full_sync_data_size}},
month = {},
year = {}
}

@misc{ArchiverSol,
author = {},
title = {Archivers — Solana’s Solution to Petabytes of Blockchain Data Storage | by Anatoly Yakovenko | Solana | Medium},
howpublished = {\url{https://medium.com/solana-labs/replicators-solanas-solution-to-petabytes-of-blockchain-data-storage-ef79db053fa1}},
month = {},
year = {}
}

@misc{arweave,
author = {},
title = {arweave},
howpublished = {\url{https://www.arweave.org/}},
month = {},
year = {}
}

@misc{IPFS,
author = {},
title = {IPFS Powers the Distributed Web},
howpublished = {\url{https://ipfs.tech/}},
month = {},
year = {}
}

@misc{filecoin,
author = {},
title = {A decentralized storage network for humanity's most important information | Filecoin},
howpublished = {\url{https://filecoin.io/}},
month = {},
year = {}
}

@misc{Storj,
author = {},
title = {Storj | Fast, secure cloud storage at a fraction of the cost.},
howpublished = {\url{https://www.storj.io/}},
month = {},
year = {}
}

@misc{Sia,
author = {},
title = {Sia - Decentralized data storage},
howpublished = {\url{https://sia.tech/}},
month = {},
year = {}
}

@misc{amcost,
author = {},
title = {Amazon S3 Simple Storage Service Pricing - Amazon Web Services},
howpublished = {\url{https://aws.amazon.com/s3/pricing/}},
month = {},
year = {}
}

@misc{Bitcoin,
author = {},
title = {Bitcoin - Open source P2P money},
howpublished = {\url{https://bitcoin.org/en/}},
month = {},
year = {}
}

@misc{ethhome,
author = {},
title = {Home | ethereum.org},
howpublished = {\url{https://ethereum.org/en/}},
month = {},
year = {}
}

@misc{MerkleTree,
author = {},
title = {Merkle Tree in Blockchain: What is it and How does it work | Simplilearn},
howpublished = {\url{https://www.simplilearn.com/tutorials/blockchain-tutorial/merkle-tree-in-blockchain}},
month = {},
year = {}
}


@misc{linear,
author = {},
title = {Difference between Linear and Non-linear Data Structures - GeeksforGeeks},
howpublished = {\url{https://www.geeksforgeeks.org/difference-between-linear-and-non-linear-data-structures/}},
month = {},
year = {}
}

@misc{zkproof,
author = {},
title = {Zero-knowledge proofs | ethereum.org},
howpublished = {\url{https://ethereum.org/en/zero-knowledge-proofs/}},
month = {},
year = {}
}

@misc{Fibo,
author = {},
title = {Fibonacci Heap | Set 1 (Introduction) - GeeksforGeeks},
howpublished = {\url{https://www.geeksforgeeks.org/fibonacci-heap-set-1-introduction/}},
month = {},
year = {}
}

@misc{LinkedList,
author = {},
title = {Linked List Data Structure In C++ With Illustration},
howpublished = {\url{https://www.softwaretestinghelp.com/linked-list/}},
month = {},
year = {}
}

@misc{merkletr,
author = {},
title = {paulbellamy.com - The Magic of the Merkle Tree},
howpublished = {\url{https://paulbellamy.com/2017/07/the-magic-of-the-merkle-tree}},
month = {},
year = {},
note = {(Accessed on 11/07/2022)}
}